<record><leader>00000cas a22000007a 4500</leader><controlfield tag="001">16111468</controlfield><controlfield tag="008">870630d1904190ualuwr ne      0    0eng d</controlfield><controlfield tag="009">5547</controlfield><datafield ind1=" " ind2=" " tag="010"><subfield code="a">sn 87050232 </subfield></datafield><datafield ind1=" " ind2=" " tag="040"><subfield code="a">CPN</subfield><subfield code="b">eng</subfield><subfield code="c">CPN</subfield><subfield code="d">OCLCQ</subfield></datafield><datafield ind1=" " ind2=" " tag="042"><subfield code="a">msc</subfield></datafield><datafield ind1="0" ind2="0" tag="245"><subfield code="a">Enterprise-Democrat.</subfield></datafield><datafield ind1=" " ind2=" " tag="260"><subfield code="a">Carbon Hill, Ala. :</subfield><subfield code="b">J.W. Young,</subfield><subfield code="c">1904-</subfield></datafield><datafield ind1=" " ind2=" " tag="310"><subfield code="a">Weekly</subfield></datafield><datafield ind1="0" ind2=" " tag="362"><subfield code="a">Vol. 6, no. 25 (May 12, 1904)-</subfield></datafield><datafield ind1=" " ind2=" " tag="752"><subfield code="a">United States</subfield><subfield code="b">Alabama</subfield><subfield code="c">Walker</subfield><subfield code="d">Carbon Hill.</subfield></datafield><datafield ind1="0" ind2="4" tag="780"><subfield code="t">Carbon Hill enterprise</subfield><subfield code="w">(DLC)sn 87050231</subfield></datafield><datafield ind1="0" ind2="4" tag="780"><subfield code="t">Marion County Democrat</subfield></datafield></record>